<?xml version="1.0" encoding="UTF-8"?><record xmlns="http://www.loc.gov/MARC21/slim" xmlns:cinclude="http://apache.org/cocoon/include/1.0" xmlns:zs="http://www.loc.gov/zing/srw/">
  <leader>00400nz  a2200121n  4500</leader>
  <controlfield tag="001">n  98058832 </controlfield>
  <controlfield tag="003">DLC</controlfield>
  <controlfield tag="005">19980630082319.5</controlfield>
  <controlfield tag="008">980630n| acannaab|          |n aaa |||  </controlfield>
  <datafield tag="010" ind1=" " ind2=" ">
    <subfield code="a">n  98058832 </subfield>
  </datafield>
  <datafield tag="040" ind1=" " ind2=" ">
    <subfield code="a">DLC</subfield>
    <subfield code="c">DLC</subfield>
  </datafield>
  <datafield tag="100" ind1="1" ind2="0">
    <subfield code="a">Çifçi, Osman,</subfield>
    <subfield code="d">1959-</subfield>
  </datafield>
  <datafield tag="670" ind1=" " ind2=" ">
    <subfield code="a">Soruşturma yöntemleriyle birlikte memur suçları, 1990:</subfield>
    <subfield code="b">t.p. (Osman Çifçi, Muhasebat kontrolörü; b. 1959 in Giresun, Turkey)</subfield>
  </datafield>
</record>